<?xml version="1.0" encoding="UTF-8"?><record xmlns="http://www.loc.gov/MARC21/slim" xmlns:cinclude="http://apache.org/cocoon/include/1.0" xmlns:zs="http://www.loc.gov/zing/srw/">
  <leader>00331nz  a2200121n  4500</leader>
  <controlfield tag="001">nr 96044173 </controlfield>
  <controlfield tag="003">DLC</controlfield>
  <controlfield tag="005">19970211051524.4</controlfield>
  <controlfield tag="008">961210n| acannaab|          |n aaa     c</controlfield>
  <datafield tag="010" ind1=" " ind2=" ">
    <subfield code="a">nr 96044173 </subfield>
  </datafield>
  <datafield tag="040" ind1=" " ind2=" ">
    <subfield code="a">PU</subfield>
    <subfield code="c">PU</subfield>
  </datafield>
  <datafield tag="100" ind1="1" ind2="0">
    <subfield code="a">Lorain, John</subfield>
  </datafield>
  <datafield tag="670" ind1=" " ind2=" ">
    <subfield code="a">Nature and reason harmonized in the practice of husbandry, 1825:</subfield>
    <subfield code="b">t.p. (John Lorain)</subfield>
  </datafield>
</record>